%%%%%%%%%%%%%%%%%%%%%%%%%%%%%%%%%%%%%%%%%%%%%%%%%%%%%%%%%%%%%%%%%%%
%
%
%				My References
%
%
%%%%%%%%%%%%%%%%%%%%%%%%%%%%%%%%%%%%%%%%%%%%%%%%%%%%%%%%%%%%%%%%%%%

@inproceedings{feiii_challenge,
 title = {An Ensemble Approach to Financial Entity Matching for the FEIII 2016
Challenge},
 author = {Palumbo, Enrico and Rizzo, Giuseppe and Tr{\"o}ncy, Raphael},
 booktitle = {DSMM'16: Proceedings of the Second International Workshop on Data Science for Macro-Modeling},
 year = {2016},
 isbn = {978-1-4503-4407-4},
 location = {San Francisco, CA, USA},
 organization = {ACM},
} 

%%%%%%%%%%%%%%%%%%%%%%%%%%%%%%%%%%%%%%%%%%%%%%%%%%%%%%%%%%%%%%%%%%%
%
%
%													References on Recommender systems
%
%
%%%%%%%%%%%%%%%%%%%%%%%%%%%%%%%%%%%%%%%%%%%%%%%%%%%%%%%%%%%%%%%%%%%

@inproceedings{ning2011slim,
  title={Slim: Sparse linear methods for top-n recommender systems},
  author={Ning, Xia and Karypis, George},
  booktitle={Data Mining (ICDM), 2011 IEEE 11th International Conference on},
  pages={497--506},
  year={2011},
  organization={IEEE}
}


@inproceedings{rendle2009bpr,
  title={BPR: Bayesian personalized ranking from implicit feedback},
  author={Rendle, Steffen and Freudenthaler, Christoph and Gantner, Zeno and Schmidt-Thieme, Lars},
  booktitle={Proceedings of the twenty-fifth conference on uncertainty in artificial intelligence},
  pages={452--461},
  year={2009},
  organization={AUAI Press}
}

@inproceedings{hu2008collaborative,
  title={Collaborative filtering for implicit feedback datasets},
  author={Hu, Yifan and Koren, Yehuda and Volinsky, Chris},
  booktitle={Data Mining, 2008. ICDM'08. Eighth IEEE International Conference on},
  pages={263--272},
  year={2008},
  organization={Ieee}
}

@book{rendle2011context,
  title={Context-aware ranking with factorization models},
  author={Rendle, Steffen},
  year={2011},
  publisher={Springer}
}

@article{koren2010factor,
  title={Factor in the neighbors: Scalable and accurate collaborative filtering},
  author={Koren, Yehuda},
  journal={ACM Transactions on Knowledge Discovery from Data (TKDD)},
  volume={4},
  number={1},
  pages={1},
  year={2010},
  publisher={ACM}
}










@inproceedings{ragone2017schema,
  title={Schema-summarization in linked-data-based feature selection for recommender systems},
  author={Ragone, Azzurra and Tomeo, Paolo and Magarelli, Corrado and Di Noia, Tommaso and Palmonari, Matteo and Maurino, Andrea and Di Sciascio, Eugenio},
  booktitle={Proceedings of the Symposium on Applied Computing},
  pages={330--335},
  year={2017},
  organization={ACM}
}


@phdthesis{kanjirathinkal2017explainable,
  title={Explainable Recommendations},
  author={Kanjirathinkal, Rose Catherine},
  year={2017},
  school={Stanford University}
}

   @inproceedings{Cantador:RecSys2011,
      author = {Cantador, Iv\'{a}n and Brusilovsky, Peter and Kuflik, Tsvi},
      title = {2nd Workshop on Information Heterogeneity and Fusion in Recommender Systems (HetRec 2011)},
      booktitle = {Proceedings of the 5th ACM conference on Recommender systems},
      series = {RecSys 2011},
      year = {2011},
      location = {Chicago, IL, USA},
      publisher = {ACM},
      address = {New York, NY, USA},
      keywords = {information heterogeneity, information integration, recommender systems},
   } 

@inproceedings{zhang2016collaborative,
  title={Collaborative knowledge base embedding for recommender systems},
  author={Zhang, Fuzheng and Yuan, Nicholas Jing and Lian, Defu and Xie, Xing and Ma, Wei-Ying},
  booktitle={Proceedings of the 22nd ACM SIGKDD international conference on knowledge discovery and data mining},
  pages={353--362},
  year={2016},
  organization={ACM}
}

@article{wang2018dkn,
  title={DKN: Deep Knowledge-Aware Network for News Recommendation},
  author={Wang, Hongwei and Zhang, Fuzheng and Xie, Xing and Guo, Minyi},
  journal={arXiv preprint arXiv:1801.08284},
  year={2018}
}


@inproceedings{Sarwar:2001:ICF:371920.372071,
 author = {Sarwar, Badrul and Karypis, George and Konstan, Joseph and Riedl, John},
 title = {Item-based Collaborative Filtering Recommendation Algorithms},
 booktitle = {Proceedings of the 10th International Conference on World Wide Web},
 series = {WWW '01},
 year = {2001},
 isbn = {1-58113-348-0},
 location = {Hong Kong, Hong Kong},
 pages = {285--295},
 numpages = {11},
 url = {http://doi.acm.org/10.1145/371920.372071},
 doi = {10.1145/371920.372071},
 acmid = {372071},
 publisher = {ACM},
 address = {New York, NY, USA},
} 


@inproceedings{bellogin2011precision,
  title={Precision-oriented evaluation of recommender systems: an algorithmic comparison},
  author={Bellogin, Alejandro and Castells, Pablo and Cantador, Ivan},
  booktitle={Proceedings of the fifth ACM conference on Recommender systems},
  pages={333--336},
  year={2011},
  organization={ACM}
}

@inproceedings{gantner2012personalized,
  title={Personalized ranking for non-uniformly sampled items},
  author={Gantner, Zeno and Drumond, Lucas and Freudenthaler, Christoph and Schmidt-Thieme, Lars},
  booktitle={Proceedings of KDD Cup 2011},
  pages={231--247},
  year={2012}
}

@inproceedings{Gantner2011MyMediaLite,
    author    = { Zeno Gantner and Steffen Rendle and Christoph Freudenthaler and Lars Schmidt-Thieme },
    title     = { {MyMediaLite}: A Free Recommender System Library },
    booktitle = { Proceedings of the 5th ACM Conference
                  on Recommender Systems (RecSys 2011) },
    year      = 2011
}


@inproceedings{palumbo2017entity2rec,
  title={Entity2rec: Learning user-item relatedness from knowledge graphs for top-n item recommendation},
  author={Palumbo, Enrico and Rizzo, Giuseppe and Troncy, Rapha{\"e}l},
  booktitle={Proceedings of the Eleventh ACM Conference on Recommender Systems},
  pages={32--36},
  year={2017},
  organization={ACM}
}

@article{adomavicius2005toward,
  title={Toward the next generation of recommender systems: A survey of the state-of-the-art and possible extensions},
  author={Adomavicius, Gediminas and Tuzhilin, Alexander},
  journal={IEEE transactions on knowledge and data engineering},
  volume={17},
  number={6},
  pages={734--749},
  year={2005},
  publisher={IEEE}
}

@inproceedings{yu2014personalized,
  title={Personalized entity recommendation: A heterogeneous information network approach},
  author={Yu, Xiao and Ren, Xiang and Sun, Yizhou and Gu, Quanquan and Sturt, Bradley and Khandelwal, Urvashi and Norick, Brandon and Han, Jiawei},
  booktitle={Proceedings of the 7th ACM international conference on Web search and data mining},
  pages={283--292},
  year={2014},
  organization={ACM}
}

@inproceedings{ostuni2013top,
  title={Top-n recommendations from implicit feedback leveraging linked open data},
  author={Ostuni, Vito Claudio and Di Noia, Tommaso and Di Sciascio, Eugenio and Mirizzi, Roberto},
  booktitle={Proceedings of the 7th ACM conference on Recommender systems},
  pages={85--92},
  year={2013},
  organization={ACM}
}

@article{noia2016sprank,
  title={Sprank: Semantic path-based ranking for top-n recommendations using linked open data},
  author={Noia, Tommaso Di and Ostuni, Vito Claudio and Tomeo, Paolo and Sciascio, Eugenio Di},
  journal={ACM Transactions on Intelligent Systems and Technology (TIST)},
  volume={8},
  number={1},
  pages={9},
  year={2016},
  publisher={ACM}
}

@inproceedings{catherine2016personalized,
  title={Personalized Recommendations using Knowledge Graphs: A Probabilistic Logic Programming Approach},
  author={Catherine, Rose and Cohen, William},
  booktitle={Proceedings of the 10th ACM Conference on Recommender Systems},
  pages={325--332},
  year={2016},
  organization={ACM}
}

@inproceedings{di2016recommender,
  title={Recommender Systems Meet Linked Open Data},
  author={Di Noia, Tommaso},
  booktitle={International Conference on Web Engineering},
  pages={620--623},
  year={2016},
  organization={Springer}
}


@inproceedings{di2012linked,
  title={Linked open data to support content-based recommender systems},
  author={Di Noia, Tommaso and Mirizzi, Roberto and Ostuni, Vito Claudio and Romito, Davide and Zanker, Markus},
  booktitle={Proceedings of the 8th International Conference on Semantic Systems},
  pages={1--8},
  year={2012},
  organization={ACM}
}

@inproceedings{rosati2016rdf,
  title={RDF graph embeddings for content-based recommender systems},
  author={Rosati, Jessica and Ristoski, Petar and Di Noia, Tommaso and Leone, Renato de and Paulheim, Heiko},
  booktitle={CEUR workshop proceedings},
  volume={1673},
  pages={23--30},
  year={2016},
  organization={RWTH}
}

@inproceedings{khrouf2013hybrid,
  title={Hybrid event recommendation using linked data and user diversity},
  author={Khrouf, Houda and Troncy, Rapha{\"e}l},
  booktitle={Proceedings of the 7th ACM conference on Recommender systems},
  pages={185--192},
  year={2013},
  organization={ACM}
}


@article{harper2016movielens,
  title={The movielens datasets: History and context},
  author={Harper, F Maxwell and Konstan, Joseph A},
  journal={ACM Transactions on Interactive Intelligent Systems (TiiS)},
  volume={5},
  number={4},
  pages={19},
  year={2016},
  publisher={ACM}
}

@misc{palumbo2017predicting,
  title={Predicting Your Next Stop-over from Location-based Social Network Data with Recurrent Neural Networks},
  author={Palumbo, Enrico and Rizzo, Giuseppe and Troncy, Rapha{\"e}l and Baralis, Elena},
  year={2017},
  publisher={RECSYS}
}

@inproceedings{rehurek_lrec,
      title = {{Software Framework for Topic Modelling with Large Corpora}},
      author = {Radim {\v R}eh{\r u}{\v r}ek and Petr Sojka},
      booktitle = {{Proceedings of the LREC 2010 Workshop on New
           Challenges for NLP Frameworks}},
      pages = {45--50},
      year = 2010,
      month = May,
      day = 22,
      publisher = {ELRA},
      address = {Valletta, Malta},
      note={\url{http://is.muni.cz/publication/884893/en}},
      language={English}
}

@inproceedings{xu2007adarank,
  title={Adarank: a boosting algorithm for information retrieval},
  author={Xu, Jun and Li, Hang},
  booktitle={Proceedings of the 30th annual international ACM SIGIR conference on Research and development in information retrieval},
  pages={391--398},
  year={2007},
  organization={ACM}
}

@article{burges2010ranknet,
  title={From ranknet to lambdarank to lambdamart: An overview},
  author={Burges, Christopher JC},
  journal={Learning},
  volume={11},
  number={23-581},
  pages={81},
  year={2010}
}

@inproceedings{mikolov2010recurrent,
  title={Recurrent neural network based language model.},
  author={Mikolov, Tomas and Karafi{\'a}t, Martin and Burget, Lukas and Cernock{\`y}, Jan and Khudanpur, Sanjeev},
  booktitle={Interspeech},
  volume={2},
  pages={3},
  year={2010}
}

@inproceedings{said2014comparative,
  title={Comparative recommender system evaluation: benchmarking recommendation frameworks},
  author={Said, Alan and Bellog{\'\i}n, Alejandro},
  booktitle={Proceedings of the 8th ACM Conference on Recommender systems},
  pages={129--136},
  year={2014},
  organization={ACM}
}
@inproceedings{sutskever2011generating,
  title={Generating text with recurrent neural networks},
  author={Sutskever, Ilya and Martens, James and Hinton, Geoffrey E},
  booktitle={Proceedings of the 28th International Conference on Machine Learning (ICML-11)},
  pages={1017--1024},
  year={2011}
}
@inproceedings{karpathy2015deep,
  title={Deep visual-semantic alignments for generating image descriptions},
  author={Karpathy, Andrej and Fei-Fei, Li},
  booktitle={Proceedings of the IEEE Conference on Computer Vision and Pattern Recognition},
  pages={3128--3137},
  year={2015}
}

@inproceedings{graves2013speech,
  title={Speech recognition with deep recurrent neural networks},
  author={Graves, Alex and Mohamed, Abdel-rahman and Hinton, Geoffrey},
  booktitle={Acoustics, speech and signal processing (icassp), 2013 ieee international conference on},
  pages={6645--6649},
  year={2013},
  organization={IEEE}
}

@inproceedings{tang2015document,
  title={Document Modeling with Gated Recurrent Neural Network for Sentiment Classification.},
  author={Tang, Duyu and Qin, Bing and Liu, Ting},
  booktitle={EMNLP},
  pages={1422--1432},
  year={2015}
}

@article{lecun2015deep,
  title={Deep learning},
  author={LeCun, Yann and Bengio, Yoshua and Hinton, Geoffrey},
  journal={Nature},
  volume={521},
  number={7553},
  pages={436--444},
  year={2015},
  publisher={Nature Research}
}

@article{chung2014empirical,
  title={Empirical evaluation of gated recurrent neural networks on sequence modeling},
  author={Chung, Junyoung and Gulcehre, Caglar and Cho, KyungHyun and Bengio, Yoshua},
  journal={arXiv preprint arXiv:1412.3555},
  year={2014}
}




@article{hochreiter1997long,
  title={Long short-term memory},
  author={Hochreiter, Sepp and Schmidhuber, J{\"u}rgen},
  journal={Neural computation},
  volume={9},
  number={8},
  pages={1735--1780},
  year={1997},
  publisher={MIT Press}
}



@inproceedings{steck2013evaluation,
  title={Evaluation of recommendations: rating-prediction and ranking},
  author={Steck, Harald},
  booktitle={Proceedings of the 7th ACM conference on Recommender systems},
  pages={213--220},
  year={2013},
  organization={ACM}
}




@inproceedings{candillier2007comparing,
  title={Comparing state-of-the-art collaborative filtering systems},
  author={Candillier, Laurent and Meyer, Frank and Boull{\'e}, Marc},
  booktitle={International Workshop on Machine Learning and Data Mining in Pattern Recognition},
  pages={548--562},
  year={2007},
  organization={Springer}
}




@article{figueroa2015systematic,
  title={A systematic literature review of Linked Data-based recommender systems},
  author={Figueroa, Cristhian and Vagliano, Iacopo and Rocha, Oscar Rodr{\'\i}guez and Morisio, Maurizio},
  journal={Concurrency and Computation: Practice and Experience},
  volume={27},
  number={17},
  pages={4659--4684},
  year={2015},
  publisher={Wiley Online Library}
}


@inproceedings{cremonesi2010performance,
  title={Performance of recommender algorithms on top-n recommendation tasks},
  author={Cremonesi, Paolo and Koren, Yehuda and Turrin, Roberto},
  booktitle={Proceedings of the fourth ACM conference on Recommender systems},
  pages={39--46},
  year={2010},
  organization={ACM}
}

@article{luo2014efficient,
  title={An efficient non-negative matrix-factorization-based approach to collaborative filtering for recommender systems},
  author={Luo, Xin and Zhou, Mengchu and Xia, Yunni and Zhu, Qingsheng},
  journal={IEEE Transactions on Industrial Informatics},
  volume={10},
  number={2},
  pages={1273--1284},
  year={2014},
  publisher={IEEE}
}

%%%%%%%%%%%%%%%%%%%%%%%%%%%%%%%%%%%%%%%%%%%%%%%%%%%%%%%%%%%%%%%%%%%
%
%
%				References on ENSEMBLE LEARNING
%
%
%%%%%%%%%%%%%%%%%%%%%%%%%%%%%%%%%%%%%%%%%%%%%%%%%%%%%%%%%%%%%%%%%%%

@article{hastie2005elements,
  title={{The elements of statistical learning: data mining, inference and prediction}},
  author={Hastie, Trevor and Tibshirani, Robert and Friedman, Jerome and Franklin, James},
  journal={The Mathematical Intelligencer},
  volume={27},
  number={2},
  pages={83--85},
  year={2005},
  publisher={Springer}
}

@article{wolpert1992stacked,
  title={{Stacked generalization}},
  author={Wolpert, David H},
  journal={Neural networks},
  volume={5},
  number={2},
  pages={241--259},
  year={1992},
  publisher={Elsevier}
}

%%%%%%%%%%%%%%%%%%%%%%%%%%%%%%%%%%%%%%%%%%%%%%%%%%%%%%%%%%%%%%%%%%%
%
%
%				References on LINKED DATA
%
%
%%%%%%%%%%%%%%%%%%%%%%%%%%%%%%%%%%%%%%%%%%%%%%%%%%%%%%%%%%%%%%%%%%%


@incollection{auer2007dbpedia,
  title={Dbpedia: A nucleus for a web of open data},
  author={Auer, S{\"o}ren and Bizer, Christian and Kobilarov, Georgi and Lehmann, Jens and Cyganiak, Richard and Ives, Zachary},
  booktitle={The semantic web},
  pages={722--735},
  year={2007},
  publisher={Springer}
}

@inproceedings{schmachtenberg2014adoption,
  title={Adoption of the linked data best practices in different topical domains},
  author={Schmachtenberg, Max and Bizer, Christian and Paulheim, Heiko},
  booktitle={International Semantic Web Conference},
  pages={245--260},
  year={2014},
  organization={Springer}
}

@article{bizer2009linked,
  title={Linked data-the story so far},
  author={Bizer, Christian and Heath, Tom and Berners-Lee, Tim},
  journal={Semantic Services, Interoperability and Web Applications: Emerging Concepts},
  pages={205--227},
  year={2009}
}

%%%%%%%%%%%%%%%%%%%%%%%%%%%%%%%%%%%%%%%%%%%%%%%%%%%%%%%%%%%%%%%%%%%
%
%				References on NAIVE BAYES
%
%%%%%%%%%%%%%%%%%%%%%%%%%%%%%%%%%%%%%%%%%%%%%%%%%%%%%%%%%%%%%%%%%%%


@inproceedings{rish2001empirical,
  title={{An empirical study of the naive Bayes classifier}},
  author={Rish, Irina},
  booktitle={IJCAI Workshop on Empirical Methods in Artificial Intelligence},
  pages={41--46},
  year={2001},
}

@inproceedings{metsis2006spam,
  title={Spam filtering with naive bayes-which naive bayes?},
  author={Metsis, Vangelis and Androutsopoulos, Ion and Paliouras, Georgios},
  booktitle={CEAS},
  pages={27--28},
  year={2006}
}

@inproceedings{mccallum1998comparison,
  title={A comparison of event models for naive bayes text classification},
  author={McCallum, Andrew and Nigam, Kamal and others},
  booktitle={AAAI Workshop on Learning for Text Categorization},
  volume={752},
  pages={41--48},
  year={1998},
}

@incollection{lewis1998naive,
  title={Naive (Bayes) at forty: The independence assumption in information retrieval},
  author={Lewis, David D},
  booktitle={Machine learning: ECML-98},
  pages={4--15},
  year={1998},
  publisher={Springer}
}

@inproceedings{androutsopoulos2000experimental,
  title={{An experimental comparison of naive Bayesian and keyword-based anti-spam filtering with personal e-mail messages}},
  author={Androutsopoulos, Ion and Koutsias, John and Chandrinos, Konstantinos V and Spyropoulos, Constantine D},
  booktitle={23rd International Conference on Research and development in Information Retrieval (SIGIR)},
  pages={160--167},
  year={2000},
}


%%%%%%%%%%%%%%%%%%%%%%%%%%%%%%%%%%%%%%%%%%%%%%%%%%%%%%%%%%%%%%%%%%%
%
%				References on MACHINE LEARNING
%
%%%%%%%%%%%%%%%%%%%%%%%%%%%%%%%%%%%%%%%%%%%%%%%%%%%%%%%%%%%%%%%%%%%

@inproceedings{cao2007learning,
  title={Learning to rank: from pairwise approach to listwise approach},
  author={Cao, Zhe and Qin, Tao and Liu, Tie-Yan and Tsai, Ming-Feng and Li, Hang},
  booktitle={Proceedings of the 24th international conference on Machine learning},
  pages={129--136},
  year={2007},
  organization={ACM}
}

@article{liu2009learning,
  title={Learning to rank for information retrieval},
  author={Liu, Tie-Yan and others},
  journal={Foundations and Trends{\textregistered} in Information Retrieval},
  volume={3},
  number={3},
  pages={225--331},
  year={2009},
  publisher={Now Publishers, Inc.}
}

@inproceedings{mikolov2013distributed,
  title={Distributed representations of words and phrases and their compositionality},
  author={Mikolov, Tomas and Sutskever, Ilya and Chen, Kai and Corrado, Greg S and Dean, Jeff},
  booktitle={Advances in neural information processing systems},
  pages={3111--3119},
  year={2013}
}
@article{bengio2013representation,
  title={Representation learning: A review and new perspectives},
  author={Bengio, Yoshua and Courville, Aaron and Vincent, Pascal},
  journal={IEEE transactions on pattern analysis and machine intelligence},
  volume={35},
  number={8},
  pages={1798--1828},
  year={2013},
  publisher={IEEE}
}
@inproceedings{grover2016node2vec,
  title={node2vec: Scalable feature learning for networks},
  author={Grover, Aditya and Leskovec, Jure},
  booktitle={Proceedings of the 22nd ACM SIGKDD International Conference on Knowledge Discovery and Data Mining},
  pages={855--864},
  year={2016},
  organization={ACM}
}



@article{salton1975vector,
  title={A vector space model for automatic indexing},
  author={Salton, Gerard and Wong, Anita and Yang, Chung-Shu},
  journal={Communications of the ACM},
  volume={18},
  number={11},
  pages={613--620},
  year={1975},
  publisher={ACM}
}

@book{murphy2012machine,
  title={Machine learning: a probabilistic perspective},
  author={Murphy, Kevin P},
  year={2012},
  publisher={MIT press}
}

@article{powers2011evaluation,
  title={{Evaluation: from precision, recall and F-measure to ROC, informedness, markedness and correlation}},
  author={Powers, David Martin},
  journal={Journal of Machine Learning Technologies},
  year={2011},
  publisher={Bioinfo Publications}
}


@article{forman2010apples,
  title={Apples-to-apples in cross-validation studies: pitfalls in classifier performance measurement},
  author={Forman, George and Scholz, Martin},
  journal={ACM SIGKDD Explorations Newsletter},
  volume={12},
  number={1},
  pages={49--57},
  year={2010},
  publisher={ACM}
}

@book{manning1999foundations,
  title={Foundations of statistical natural language processing},
  author={Manning, Christopher D and Sch{\"u}tze, Hinrich},
  volume={999},
  year={1999},
  publisher={MIT Press}
}

@article{raghavan1989critical,
  title={A critical investigation of recall and precision as measures of retrieval system performance},
  author={Raghavan, Vijay and Bollmann, Peter and Jung, Gwang S},
  journal={ACM Transactions on Information Systems (TOIS)},
  volume={7},
  number={3},
  pages={205--229},
  year={1989},
  publisher={ACM}
}


@Misc{hsu2003practical,
author = {Hsu, Chih-Wei and Chang, Chih-Chung and Lin, Chih-Jen and others},
title = {A practical guide to support vector classification},
howpublished = {\url{http://www.csie.ntu.edu.tw/~cjlin/papers/guide/guide.pdf} - Last visited: 28 April 2016},
year={2003}
}


@inproceedings{perozzi2014deepwalk,
  title={Deepwalk: Online learning of social representations},
  author={Perozzi, Bryan and Al-Rfou, Rami and Skiena, Steven},
  booktitle={Proceedings of the 20th ACM SIGKDD international conference on Knowledge discovery and data mining},
  pages={701--710},
  year={2014},
  organization={ACM}
}


%%%%%%%%%%%%%%%%%%%%%%%%%%%%%%%%%%%%%%%%%%%%%%%%%%%%%%%%%%%%%%%%%%%
%
%
%													References on MEMORY
%
%
%%%%%%%%%%%%%%%%%%%%%%%%%%%%%%%%%%%%%%%%%%%%%%%%%%%%%%%%%%%%%%%%%%%
@article{collins69,
  author = {Collins, A.M. and Quillian, M.R.},
  journal = {Journal of Verbal Learning and Verbal Behavior},
  pages = {240-248--},
  title = {Retrieval time from semantic memory},
  volume = 8,
  year = 1969
}

@article{loftus75,
  author = {Collins, Allan M. and Loftus, Elizabeth F.},
  journal = {Psychological Review},
  number = 6,
  pages = {407 - 428},
  title = {A spreading-activation theory of semantic processing.},
  volume = 82,
  year = 1975
}


@ARTICLE{Baddeley2,
  author = {Baddeley A. and Eysenck M.W. and Anderson M.C.},
  title = {Memory},
  journal = {Psychology Press},
  year = {2009}
}

@ARTICLE{Baddeley3,
  author = {Baddeley A.},
  title = {Essentials of human memory},
  journal = {Psychology Press},
  year = {1999},
  pages = {139-144}
}

@ARTICLE{Conway,
  author = {Conway M.A. and Loveday C.},
  title = {The Act of Remembering: toward an Understanding of How We Recall the Past},
  journal = {Wiley Blackwell},
  pages = {56-70},
  year = {2010}
}
@ARTICLE{Logie,
  author = {Logie R. H.},
  title = {Visuospatial Working Memory},
  journal = {Hove UK: Lawrence Erlbaum Associates},
  year = {1995}
}

%E. Tulving and D. M. Thompson ­ Encoding specificity and retrieval process in episodic memory ­ Psychological Review, 80 (5), 352-­373
@ARTICLE{tulving,
  author = {Tulving E. and Thompson D. M.},
  title = {Encoding specificity and retrieval process in episodic memory},
  journal = {Psychological Review, 80 (5)},
  pages = {352-­373},
  year = {1973}
}
%Newell, Allen (1994). Unified Theories of Cognition. Cambridge, MA: Harvard University Press. ISBN 0­674­92101­1.
@ARTICLE{allen,
  author = {Allen N.},
  title = {Unified Theories of Cognition},
  journal = {Cambridge, MA: Harvard University Press},
  year = {1994}
}

@article{tulving2002,
  
  author = {Tulving, E.},
  journal = {Annual review of psychology},
  number = 1,
  pages = {1-25},
  publisher = {Annual Reviews},
  title = {Episodic Memory: From Mind to Brain},
  volume = 53,
  year = 2002
}

@BOOK{eisenck,

  author = {Eysenck, M.W. and Keane, M.T.},
  title = {Cognitive Psychology},
  journal = {Psychology press},
  year = 2010

}

@article{Hippocampal,
  author = {Spiers, H.J. and Maguire, E.A. and Burgess, N.},
  journal = {Neurocase},
  pages = {357 – 382},
  title = {Hippocampal amnesia},
  volume = 7,
  year = 2001
}

@article{semanticdisorder,
  author = {Vargha-Khadem, F. and Gadian, D.G. and Watkins, K.E. and Connelly, A. and Van Paesschen, W. and Mishkin, M.},
  journal = {Science},
  pages = {376 – 380},
  title = {Differential effects of early hippocampal pathology on episodic and semantic memory},
  volume = 277,
  year = 1997
}


@ARTICLE{Menon,
  author = {Menon V.},
  title = {Large-scale brain networks and psychopathology: a unifying triple network model},
  journal = {Trends Cogn. Sci.},
  volume = {15(10)},
  pages = {483-506},
  year = {2011}
}

%Alstott J, Breakspear M, Hagmann P, Cammoun L, Sporns O (2009) Modeling the Impact of Lesions in the Human Brain
@ARTICLE{Alstott,
  author = {Alstott J., Breakspear M., Hagmann P., Cammoun L., Sporns O. },
  title = {Modeling the Impact of Lesions in the Human Brain},
  journal = {PLoS Comput Biol},
  volume = {5(6)},
  year = {2009}
}

@BOOK{memorydisorder,
  author = {Baddeley, A. and Wilson, B. and Kopelman, M.},
  title = {Handbook of Memory Disorders, 2nd Edition},
  publisher = {Chichester, W. Sussex: John Wiley and Sons Ltd},
  year = {2002}
}
%%%%%%%%%%%%%%%%%%%%%%%%%%%%%%%%%%%%%%%%%%%%%%%%%%%%%%%%%%%%%%%%%%%
%
%
%													References on IMAGE AND TEXT PROCESSING
%
%
%%%%%%%%%%%%%%%%%%%%%%%%%%%%%%%%%%%%%%%%%%%%%%%%%%%%%%%%%%%%%%%%%%%

%M. A. Greenwood, V. Mezaris, O. Papadopoulou, V. Solachidis, C. Niederee , A. Ceroni ­ ForgetIT Deliverable D6.2 First Release of Tools for Contextualization, Feb 2014, ForgetIT project
@ARTICLE{greenwood,
  author = {Greenwood M.A and Mezaris V. and Papadopoulou O. and Solachidis V. and Niederee C. and Ceroni A.},
  title = {Deliverable D6.2 - First Release of Tools for Contextualization},
  journal = {ForgetIT project},
  year = {2014}
}


%Vasileios Mezaris, Vassilios Solachidis, Olga Papadopoulou, "D4.2: Information analysis, consolidation and concentrationtechniques, and evaluation - First release"
@ARTICLE{CERTH,
  author = {Mezaris, V. and Solachidis, V. and Papadopoulou, O.},
  title = {ForgetIT Deliverable D4.2: Information analysis, consolidation and concentration techniques, and evaluation},
  journal = {ForgetIT project},
  year = {2014}
}	

@ARTICLE{CERTH1,
  author = {Mezaris, V. and Papadopoulou, O.},
  title = {ForgetIT Deliverable D4.1: Information analysis, consolidation and concentration for preservation - State of the art and Approach},
  journal = {ForgetIT project},
  year = {2014}
}

@ARTICLE{markatopoulou,
  author = {Markatopoulou, F. and Mezaris, V. and Kompatsiaris, I.},
  title = {{A Comparative Study on the Use of Multilabel Classification Techniques for Concept Based Video Indexing and Annotation}},
  journal = {20th International Conference on MultiMedia Modeling (MMM)},
  year = {2014},
  volume = {8325},
  pages = {112}
}

%A.Smeulders,M.Worring,S.Santini,A.Gupta,R.Jain,Content-basedimage
%retrieval attheendoftheearlyyears,IEEETransactionsonPatternAnalysis and MachineIntelligence22(12)(2000)1349–1380.
@article{semanticgap,
 author = {Smeulders, Arnold W. M. and Worring, Marcel and Santini, Simone and Gupta, Amarnath and Jain, Ramesh},
 title = {Content-Based Image Retrieval at the End of the Early Years},
 journal = {IEEE Trans. Pattern Anal. Mach. Intell.},
 volume = {22},
 number = {12},
 month = dec,
 year = {2000},
 pages = {1349--1380},
 publisher = {IEEE Computer Society}
} 


%Semantic hierarchiesforimageannotation:Asurvey Anne-Marie Tousch a,b, Ste´phane Herbin a,, Jean-YvesAudibert b,c
%Pattern Recognition45(2012)333–345
@ARTICLE{annotation,
  author = {Tousch, A. and Herbine, S. and Audibert, J.},
  title = {Semantic hierarchies for image annotation: a survey},
  journal = {Pattern Recognition},
  year = {2012},
  volume = {45},
  pages = {333–345}
}

@article{deeplearning,
  author = {Schmidhuber, Jürgen},
  journal = {Neural Networks},
  pages = {85-117},
  title = {{Deep learning in neural networks: An overview}},
  volume = 61,
  year = 2015
}

@Book{IRGeometry,
author = {Keith.~van Rijsbergen},
publisher = {Cambridge University Press},
title = {The Geometry of Information Retrieval},
year = {2004-2007}
}


@inproceedings{CBIRreview,
  author = {Datta, Ritendra and Li, Jia and Wang, James Ze},
  booktitle = {Multimedia Information Retrieval},
  editor = {Zhang, HongJiang and Smith, John and Tian, Qi},
  pages = {253-262},
  publisher = {ACM},
  title = {Content-based image retrieval: approaches and trends of the new age.},
  year = 2005
}

@inproceedings{ImageNetSimilarity,
 author = {Deselaers, T. and Ferrari, V.},
 title = {Visual and Semantic Similarity in ImageNet},
 booktitle = {IEEE Conference on Computer Vision and Pattern Recognition (CVPR)},
 year = {2011},
 pages = {1777--1784},
 address = {Washington, DC, USA},
} 


@article{ImageNet,
  author = {Deng, J. and Dong, W. and Socher, R. and Li, L.-j. and Li, K. and Feifei, L. },
  title = {ImageNet: A large-scale hierarchical image database},
  year = {2009},
  publisher = {CVPR},
  
 }
  

@article{Radiology,
 author = {Kurtz, Camille and Beaulieu, Christopher F. and Napel, Sandy and Rubin, Daniel L.},
 title = {A Hierarchical Knowledge-based Approach for Retrieving Similar Medical Images Described with Semantic Annotations},
 journal = {J. of Biomedical Informatics},
 volume = {49},
 number = {C},
 month = jun,
 year = {2014},
 pages = {227--244},
 publisher = {Elsevier Science},
 address = {San Diego, USA},	

} 

@InProceedings{FangTorresani12,
 author =    {Chen Fang and Lorenzo Torresani},
 title =     {Measuring Image Distances via Embedding in a Semantic Manifold},
 booktitle = {European Conference on Computer Vision ({ECCV})},
 pages =     {402--415},
 year =      2012,
 month =     oct,
}


@incollection{Ontology,
  author = {Guarino, Nicola and Oberle, Daniel and Staab, Steffen},
  booktitle = {Handbook on Ontologies},
  edition = {Second},
  editor = {Staab, Steffen and Studer, Ruder},
  publisher = {Springer},
  title = {What is an Ontology?},
  year = 2009
}

@article{SIFT,
 author = {Lowe, D.G.},
 title = {Distinctive image features from scale-invariant keypoints},
 journal = {International Journal of computer vision},
 volume = {60},
 year = {2004},
 pages = {91–110},
} 


@inproceedings{SURF,
 author = {Bay, H. and Tuytelaars, T. and Van Gool, L.},
 title = {SURF: Speeded up robust features},
 booktitle = {Computer Vision–ECCV 2006},
 volume = {60},
 year = {2006},
 pages = {404–417},
publisher = Springer
} 

@INPROCEEDINGS{Chang,
    author = {Alejandro Jaimes and Shih-fu Chang},
    title = {A Conceptual Framework for Indexing Visual Information at Multiple Levels},
    booktitle = {IN PROCEEDINGS OF SPIE INTERNET IMAGING 2000},
    year = {2000},
    pages = {2--15},
    publisher = {}
}


@INPROCEEDINGS{TRECVID,
    author = {Over, P. and Awad, G. and Michel, M. and Fiscus, J. and Shaw, B. and Kraaij, W. and
Smeaton, A. F. and Quenot, G.},
    title = {An overview of the goals,
tasks, data, evaluation mechanisms and metrics},
    booktitle = {TRECVID 2012},
    year = {2012}
}



%%%%%%%%%%%%%%%%%%%%%%%%%%%%%%%%%%%%%%%%%%%%%%%%%%%%%%%%%%%%%%%%%%%
%
%
%													References on SEMANTICS
%
%
%%%%%%%%%%%%%%%%%%%%%%%%%%%%%%%%%%%%%%%%%%%%%%%%%%%%%%%%%%%%%%%%%%%

@inproceedings{quilitz2008querying,
  title={Querying distributed RDF data sources with SPARQL},
  author={Quilitz, Bastian and Leser, Ulf},
  booktitle={European Semantic Web Conference},
  pages={524--538},
  year={2008},
  organization={Springer}
}



@inproceedings{Bard2007,
 author = {Bard, Gregory V.},
 title = {{Spelling-error Tolerant, Order-independent Pass-phrases via the Damerau-levenshtein String-edit Distance Metric}},
 booktitle = {5th Australasian Symposium on ACSW Frontiers},
 year = {2007}
} 

@ARTICLE{semantic,
  author = {Borge-Holthoefer J. and Arenas A.},
  title = {Semantic Networks: Structure and Dynamics},
  journal = {Entropy},
  volume = {12},
  pages = {1264-1302},
  year = {2010}
}

@ARTICLE{wordnet,
  author = {Miller, G.A. and Beckwith, R. and Fellbaum, C. and Gross, D. and Miller, K.J.},
  title = {Introduction to wordnet: an on-line lexical database},
  journal = {Int. J. Lexico.},
  volume = {3},
  pages = {235-244},
  year = {1990}
}

@ARTICLE{roget,
  author = {Roget, P.},
  title = {Roget's Thesaurus of English Words and Phrases},
  journal = {TY Crowell co.},
  year = {1911}
}

@article{complexsemantic,
  author = {Steyvers, M. and Tenenbaum, J. B.},
  journal = {Cognitive Science},
  pages = {41-78},
  title = {The large scale structure of semantic networks:
             Statistical analyses and a model of semantic growth},
  volume = 29,
  year = 2005
}

@ARTICLE{smallworldlanguage,
    author = {Ramon Ferrer i Cancho and Ricard V. Solé},
    title = {The Small World of Human Language},
    journal = {Proceedings of The Royal Society of London. Series B, Biological Sciences},
    year = {2001},
    volume = {268},
    pages = {2261--2266}
}

@article{navigatingwordassociation,
  title={Navigating word association norms to extract semantic information},
  author={Borge-Holthoefer, Javier and Arenas, Alex},
  journal={Proceedings of the 31st Annual Conference of the Cognitive Science Society},
  volume={621},
  pages={2777--2782},
  year={2009}
}
%Nelson, D. L., McEvoy, C. L., & Schreiber, T. A. (1999). The University of South Florida word association norms.
%Retrieved from http://w3.usf.edu/FreeAssociation

@ARTICLE{nelson,
  author = {Nelson, D. L. and McEvoy, C. L. and Schreiber, T. A.},
  title = {The University of South Florida word association norms},
  journal = {\url{http://w3.usf.edu/FreeAssociation} - Last visited: 22 May 2015}
}

@Misc{hbc,
author = {Kyle Gabler},
title = {The Human Brain Cloud},
howpublished = {\url{http://www.humanbraincloud.com} - Last visited: 22 May 2015}
}



@article{loreto,
  author = {Gravino, Pietro and Servedio, Vito Domenico Pietro and Barrat, Alain and Loreto, Vittorio},
  booktitle = {Advances in Complex Systems},
  journal = {Advances in Complex Systems},
  number = {3-4},
  title = {Complex structures and semantics in free word association},
  volume = 15,
  year = 2012
}



@article{cattuto,
author = {Cattuto, Ciro and Barrat, Alain and Baldassarri, Andrea and Schehr, Gregory and Loreto, Vittorio}, 
title = {Collective dynamics of social annotation},
volume = {106}, 
number = {26}, 
pages = {10511-10515}, 
year = {2009}, 
journal = {Proceedings of the National Academy of Sciences} 
}

%Mapping the Structure of Semantic Memory Ana Sofia Morais, Henrik Olsson, Lael J. Schooler

@ARTICLE{Morais,
  author = {Morais A.S., Olsson H., Schooler L.J.},
  title = {Mapping the Structure of Semantic Memory},
  journal = {Cognitive Science},
  year = {2012},
  volume = {37},
  pages = {125–145}
}

@article{Folksonomy,
 author = {Cattuto, Ciro and Schmitz, Christoph and Baldassarri, Andrea and Servedio, Vito D. P. and Loreto, Vittorio and Hotho, Andreas and Grahl, Miranda and Stumme, Gerd},
 title = {Network Properties of Folksonomies},
 journal = {AI Commun.},
 volume = {20},
 number = {4},
 month = dec,
 year = {2007},
 pages = {245--262},
 publisher = {IOS Press},
 address = {Amsterdam, The Netherlands, The Netherlands},
} 

@article{semanticsimilarity,
author = {Garla, VijayN and Brandt, Cynthia},	
year = {2012},
journal = {BMC Bioinformatics},
volume = {13},
number = {1},
title = {Semantic similarity in the biomedical domain: an evaluation across knowledge sources},
publisher = {BioMed Central}
}


@MISC{featureproduction,
    author = {Ken Mcrae and George S. Cree and Mark S. Seidenberg and Chris Mcnorgan},
    title = {Semantic feature production norms for a large set of living and nonliving things. Behavior Research Methods},
    year = {2005}
}



@article{goldberg1988genetic,
  title={Genetic algorithms and machine learning},
  author={Goldberg, David E and Holland, John H},
  journal={Machine learning},
  volume={3},
  number={2},
  pages={95--99},
  year={1988},
  publisher={Springer}
}

@inproceedings{Rizzo2015,
  author={Rizzo, G. and Troncy, R. and Corcho, O. and Jameson, A. and Plu, J. and Ballesteros Hermida, J.C. and Assaf, A. and Barbu, C. and Spirescu, A. and Kuhn, K. and Celino, I. and Agarwal, R. and Nguyen, C.K. and Pathak, A. and Scanu, C. and Valla, M. and Haaker, T. and Verga, E.S. and Rossi, M. and Redondo Garcia, J.L.},
  title={{3cixty@Expo Milano 2015: Enabling Visitors to Explore a Smart City}},
  booktitle={14$^{th}$ International Semantic Web Conference (ISWC), Semantic Web Challenge},
  year={2015}
}

@inproceedings{mihindukulasooriya2016,
  author={Mihindukulasooriya, N. and Rizzo, G. and Troncy, R. and Corcho, O. and Garcia-Castro, R. },
  title={{A Two-Fold Quality Assurance Approach for Dynamic Knowledge Bases: The 3cixty Use Case}},
  booktitle={International Workshop on Completing and Debugging the Semantic Web},
  year={2016}
}

@article{khrouf2014,
   title = {{Mining events connections on the social web: Real-time instance matching and data analysis in EventMedia}},
   journal = "Web Semantics: Science, Services and Agents on the World Wide Web ",
   volume = "24",
   number = "0",
   pages = "3 - 10",
   year = "2014",
   author = "Houda Khrouf and Vuk Milicic and Raphaël Troncy"
}


%%%%%%%%%%%%%%%%%%%%%%%%%%%%%%%%%%%%%%%%%%%%%%%%%%%%%%%%%%%%%%%%%%%
%
%
%													References on COMPLEX NETWORKS
%
%
%%%%%%%%%%%%%%%%%%%%%%%%%%%%%%%%%%%%%%%%%%%%%%%%%%%%%%%%%%%%%%%%%%%
@ARTICLE{Barrat,
  author = {Barrat, A. and Barth\'{e}lemy, M. and Vespignani, A.},
  title = {Dynamical processes on complex networks},
  journal = {Cambridge University Press},
  year = {2008},
  pages = {116-135}
}

@article{Barabasi,
 author = {Albert, R. and Barab\'{a}si, A.L.},
 title = {Statistical Mechanics of Complex Networks},
 year = {2002},
 publisher = {Rev. Mod. Phys.},
 volume = 74
} 

@ARTICLE{dall'asta,
  author = {Dall'Asta, L. and Barrat, A. and Barth\'{e}lemy, M. and Vespignani, A.},
  title = {Vulnerability of weighted networks},
  journal = {arXiv:physics/0603163v1},
  year = {2006},
  month = {Mar}
}

@ARTICLE{cluster,
  author = {Saram\"{a}ki J. and Kivel\"{a} M. and Onnela J.P and Kaski K. and Kert\'{e}sz J. },
  title = {Generalizations of the clustering coefficient to weighted complex networks},
  journal = {Phys Review E75 027105},
  year = {2007}
}
%[17] Ke­Lin Du, M. N. S. Swamy ­ Neural Networks and Statistical Learning ­ Springer­Verlag London 2014 ­ ISBN 978­1­4471­5570­6
@ARTICLE{kelin,
  author = {Ke-­Lin Du and Swamy M. N. S.},
  title = {Neural Networks and Statistical Learning},
  journal = {Springer ­Verlag London},
  year = {2014}
}


%Nature Reviews Neuroscience 10, 186-198 (March 2009) | doi:10.1038/nrn2575

@ARTICLE{sporns,
  author = {Bullmore E., Sporns O.},
  title = {Complex brain networks: graph theoretical analysis of structural and functional systems},
  journal = {Nature Reviews Neuroscience},
  year = {2009},
  volume = {10},
  pages = {186-198}
}

@book{Newman,
 author = {Newman, Mark},
 title = {Networks: An Introduction},
 year = {2010},
 publisher = {Oxford University Press, Inc.},
 address = {New York, NY, USA},
} 

@article{weightednetworks,
  author = {Barrat, A. and Barth\'elemy, M. and Pastor-Satorras, R. and Vespignani, A.},
  journal = {Proc. Natl. Acad. Sci.},
  pages = {3747-3752},
  title = {The architecture of complex weighted networks},
  volume = 101,
  year = 2004
}

%%%%%%%%%%%%%%%%%%%%%%%%%%%%%%%%%%%%%%%%%%%%%%%%%%%%%%%%%%%%%%%%%%%
%
%
%													References on BUSINESS
%
%
%%%%%%%%%%%%%%%%%%%%%%%%%%%%%%%%%%%%%%%%%%%%%%%%%%%%%%%%%%%%%%%%%%%


@Misc{Bloomberg,
  author = {Bloomberg},
  title = {Bloomberg embraces the Legal Entity Identifier}, 
  howpublished = {\url{http://www.bloomberg.com/enterprise/content/uploads/sites/2/2013/09/LEI_Whitepaper.pdf} - Last visited: 28 April 2016}
}

@Misc{Accenture,
  author = {Accenture},
  title = {{Moving to the Standard Legal Entity Identifier}},
  howpublished = {\url{https://www.accenture.com/us-en/~/media/Accenture/Conversion-Assets/DotCom/Documents/Global/PDF/Industries_5/Accenture-Legal-Entity-Identifier.pdf} - Last visited: 28 April 2016}
}

@article{bottega2012creating,
  title={{Creating a linchpin for financial data: Toward a universal legal entity identifier}},
  author={Bottega, John A. and Powell, Linda F.},
  journal={Journal of Economics and Business},
  volume={64},
  number={1},
  pages={105--115},
  year={2012}
}

@Misc{pwc,
  author = {PWC Regulatory},
  title = {{A Closer Look: The creation and Usage of Legal Entity Identifiers (LEIs)}},
  howpublished = {\url{https://www.pwc.com/us/en/financial-services/regulatory-services/publications/assets/pwc-closer-look-legal-entity-identifier.pdf} - Last visited: 28 April 2016}
}

@inproceedings{powel2011,
  title={{Legal entity identifier: What else do you need to know?}},
  author={Powell, L. F. and Montoya, M. and Shuvalov, E.},
  booktitle={Finance and Economics Discussion Series},
  year={2011}
}

@Misc{bayesfilterproof,
  author = {Ernest Croot},
  title = {{Bayesian spam filter}},
  howpublished = {\url{http://people.math.gatech.edu/~ecroot/bayesian_filtering.pdf} - Last visited: 28 April 2016}
}

%%%%%%%%%%%%%%%%%%%%%%%%%%%%%%%%%%%%%%%%%%%%%%%%%%%%%%%%%%%%%%%%%%%
%
%
%													References on EVALUATION METRICS
%
%
%%%%%%%%%%%%%%%%%%%%%%%%%%%%%%%%%%%%%%%%%%%%%%%%%%%%%%%%%%%%%%%%%%%

@InProceedings{Ge2010,
  author    = {Mouzhi Ge and Carla Delgado-Battenfeld and Dietmar Jannach},
  title     = {Beyond Accuracy: Evaluating Recommender Systems by Coverage and Serendipity},
  booktitle = {Proceedings of the fourth {ACM} conference on Recommender Systems},
  year      = {2010},
  pages     = {257--260},
  publisher = {{ACM} Press},
  doi       = {10.1145/1864708.1864761},
}

@InProceedings{Vargas2011,
  author    = {Sa{\'{u}}l Vargas and Pablo Castells},
  title     = {Rank and relevance in novelty and diversity metrics for recommender systems},
  booktitle = {Proceedings of the fifth {ACM} conference on Recommender Systems},
  year      = {2011},
  pages     = {109--116},
  publisher = {{ACM} Press},
  doi       = {10.1145/2043932.2043955},
}

@InProceedings{Ziegler2005,
  author    = {Cai-Nicolas Ziegler and Sean M. McNee and Joseph A. Konstan and Georg Lausen},
  title     = {Improving recommendation lists through topic diversification},
  booktitle = {Proceedings of the 14th International Conference on World Wide Web},
  year      = {2005},
  pages     = {22--32},
  publisher = {{ACM} Press},
  doi       = {10.1145/1060745.1060754},
}

@Article{Herlocker2004,
  author    = {Jonathan L. Herlocker and Joseph A. Konstan and Loren G. Terveen and John T. Riedl},
  title     = {Evaluating collaborative filtering recommender systems},
  journal   = {{ACM} Transactions on Information Systems},
  year      = {2004},
  volume    = {22},
  number    = {1},
  pages     = {5--53},
  doi       = {10.1145/963770.963772},
  publisher = {Association for Computing Machinery},
}

@Article{Gemmis2015,
  author    = {Marco de Gemmis and Pasquale Lops and Giovanni Semeraro and Cataldo Musto},
  title     = {An investigation on the serendipity problem in recommender systems},
  journal   = {Information Processing {\&} Management},
  year      = {2015},
  volume    = {51},
  number    = {5},
  pages     = {695--717},
  doi       = {10.1016/j.ipm.2015.06.008},
  publisher = {Elsevier {BV}},
}

@InProceedings{Yilmaz2008,
  author    = {Yilmaz, Emine and Aslam, Javed A. and Robertson, Stephen},
  title     = {A New Rank Correlation Coefficient for Information Retrieval},
  booktitle = {Proceedings of the 31st Annual International ACM SIGIR Conference on Research and Development in Information Retrieval},
  year      = {2008},
  pages     = {587--594},
  publisher = {{ACM} Press},
  doi       = {10.1145/1390334.1390435},
}

@Article{Jarvelin2002,
  author    = {J\"{a}rvelin, Kalervo and Kek\"{a}l\"{a}inen, Jaana},
  title     = {Cumulated Gain-based Evaluation of IR Techniques},
  journal   = {ACM Trans. Inf. Syst.},
  year      = {2002},
  volume    = {20},
  number    = {4},
  pages     = {422--446},
  doi       = {10.1145/582415.582418},
  publisher = {Association for Computing Machinery},
}

@InProceedings{Shi2012,
  author    = {Shi, Yue and Karatzoglou, Alexandros and Baltrunas, Linas and Larson, Martha and Oliver, Nuria and Hanjalic, Alan},
  title     = {CLiMF: Learning to Maximize Reciprocal Rank with Collaborative Less-is-more Filtering},
  booktitle = {Proceedings of the Sixth ACM Conference on Recommender Systems},
  year      = {2012},
  pages     = {139--146},
  publisher = {{ACM} Press},
  doi       = {10.1145/2365952.2365981},
}

@article{joulin2016fasttext,
  title={FastText.zip: Compressing text classification models},
  author={Joulin, Armand and Grave, Edouard and Bojanowski, Piotr and Douze, Matthijs and J{\'e}gou, H{\'e}rve and Mikolov, Tomas},
  journal={arXiv preprint arXiv:1612.03651},
  year={2016}
}

@inproceedings{meseguerbrocal:hal-01589250,
  TITLE = {{WASABI: a Two Million Song Database Project with Audio and Cultural Metadata plus WebAudio enhanced Client Applications}},
  AUTHOR = {Meseguer-Brocal, Gabriel and Peeters, Geoffroy and Pellerin, Guillaume and Buffa, Michel and Cabrio, Elena and Faron Zucker, Catherine and Giboin, Alain and Mirbel, Isabelle and Hennequin, Romain and Moussallam, Manuel and Piccoli, Francesco and Fillon, Thomas},
  URL = {https://hal-univ-cotedazur.archives-ouvertes.fr/hal-01589250},
  BOOKTITLE = {{Web Audio Conference 2017 -- Collaborative Audio \#WAC2017}},
  ADDRESS = {London, United Kingdom},
  ORGANIZATION = {{Queen Mary University of London}},
  YEAR = {2017},
  MONTH = Aug,
  KEYWORDS = { Audio Analysis ;  Audio ;  Music ;  Lyrics analysis ; WebAudio ;  Semantic Web ;  Database ;  Knowledge base},
  PDF = {https://hal-univ-cotedazur.archives-ouvertes.fr/hal-01589250/file/WasabiFinal.pdf},
  HAL_ID = {hal-01589250},
  HAL_VERSION = {v1},
}

@article{LDA,
 author = {Blei, David M. and Ng, Andrew Y. and Jordan, Michael I.},
 title = {Latent Dirichlet Allocation},
 journal = {J. Mach. Learn. Res.},
 issue_date = {3/1/2003},
 volume = {3},
 month = mar,
 year = {2003},
 issn = {1532-4435},
 pages = {993--1022},
 numpages = {30},
 url = {http://dl.acm.org/citation.cfm?id=944919.944937},
 acmid = {944937},
 publisher = {JMLR.org},
} 